@incollection{Shoch:1999:LPE:303461.342733,
 author = {Shoch, John F. and Hupp, Jon A.},
 chapter = {The \&Ldquo;Worm\&Rdquo; Programs\&Mdash;Early Experience with a Distributed Computation},
 title = {Mobility},
 editor = {Miloji\v{c}i\&cacute, Dejan and Douglis, Frederick and Wheeler, Richard},
 year = {1999},
 isbn = {0-201-37928-7},
 pages = {19--27},
 numpages = {9},
 url = {http://dl.acm.org/citation.cfm?id=303461.342733},
 acmid = {342733},
 publisher = {ACM Press/Addison-Wesley Publishing Co.},
 address = {New York, NY, USA},
}