@article{article1,
  title={IPv6环境的网络蠕虫传播及防御策略研究},
  author={李志敏 and 毕桂},
  journal={自动化与仪器仪表},
  number={7},
  pages={245-246},
  year={2016},
}
@article{article2,
  title={网络蠕虫检测系统设计},
  author={黄勤},
  journal={软件导刊},
  volume={12},
  number={10},
  pages={146-148},
  year={2013},
}
@article{article3,
  title={基于对比分析的计算机病毒防护研究},
  author={张国防},
  journal={网络安全技术与应用},
  number={9},
  pages={21-21},
  year={2017},
}
@incollection{Shoch:1999:LPE:303461.342733,
 author = {Shoch, John F. and Hupp, Jon A.},
 chapter = {The \&Ldquo;Worm\&Rdquo; Programs\&Mdash;Early Experience with a Distributed Computation},
 title = {Mobility},
 editor = {Miloji\v{c}i\&cacute, Dejan and Douglis, Frederick and Wheeler, Richard},
 year = {1999},
 isbn = {0-201-37928-7},
 pages = {19--27},
 numpages = {9},
 url = {http://dl.acm.org/citation.cfm?id=303461.342733},
 acmid = {342733},
 publisher = {ACM Press/Addison-Wesley Publishing Co.},
 address = {New York, NY, USA},
}
@article{Spafford:1989:IWP:66093.66095,
 author = {Spafford, Eugene H.},
 title = {The Internet Worm Program: An Analysis},
 journal = {SIGCOMM Comput. Commun. Rev.},
 issue_date = {Jan. 1989},
 volume = {19},
 number = {1},
 month = jan,
 year = {1989},
 issn = {0146-4833},
 pages = {17--57},
 numpages = {41},
 url = {http://doi.acm.org/10.1145/66093.66095},
 doi = {10.1145/66093.66095},
 acmid = {66095},
 publisher = {ACM},
 address = {New York, NY, USA},
}

@inproceedings{Weaver:2003:TCW:948187.948190,
 author = {Weaver, Nicholas and Paxson, Vern and Staniford, Stuart and Cunningham, Robert},
 title = {A Taxonomy of Computer Worms},
 booktitle = {Proceedings of the 2003 ACM Workshop on Rapid Malcode},
 series = {WORM '03},
 year = {2003},
 isbn = {1-58113-785-0},
 location = {Washington, DC, USA},
 pages = {11--18},
 numpages = {8},
 url = {http://doi.acm.org/10.1145/948187.948190},
 doi = {10.1145/948187.948190},
 acmid = {948190},
 publisher = {ACM},
 address = {New York, NY, USA},
 keywords = {attackers, computer worms, mobile malicious code, motivation, taxonomy},
}
@phdthesis{2003Internet,
  title={Internet蠕虫研究},
  author={郑辉},
  school={南开大学},
  year={2003},
}
@article{TheHelminthiasisoftheInternet,
 author = {J. Reynolds},
 title = {The Helminthiasis of the Internet},
 journal = {Information Sciences Institute},
 month = December,
 year = {1989},
 numpages = {33},
 url = {https://tools.ietf.org/html/rfc1135},
 publisher = {Network Working Group},
 address = {University of Southern California},
}
@inproceedings{Kienzle:2003:RWS:948187.948189,
 author = {Kienzle, Darrell M. and Elder, Matthew C.},
 title = {Recent Worms: A Survey and Trends},
 booktitle = {Proceedings of the 2003 ACM Workshop on Rapid Malcode},
 series = {WORM '03},
 year = {2003},
 isbn = {1-58113-785-0},
 location = {Washington, DC, USA},
 pages = {1--10},
 numpages = {10},
 url = {http://doi.acm.org/10.1145/948187.948189},
 doi = {10.1145/948187.948189},
 acmid = {948189},
 publisher = {ACM},
 address = {New York, NY, USA},
 keywords = {malicious code, survey},
}
@article{article4,
  title={网络蠕虫研究与进展},
  author={文伟平 and 卿斯汉 and 蒋建春 and 王业君},
  journal={软件学报},
  volume={15},
  number={8},
  pages={1208-1219},
  year={2004},
}
@article{He2014A,
  title={A defence scheme against Identity Theft Attack based on multiple social networks},
  author={He, Bing Zhe and Chen, Chien Ming and Su, Yi Ping and Sun, Hung Min},
  journal={Expert Systems with Applications},
  volume={41},
  number={5},
  pages={2345-2352},
  year={2014},
}
@article{Streftaris2002Statistical,
  title={Statistical inference for stochastic epidemic models},
  author={Streftaris, George and Gibson, Gavin J},
  journal={Proc International Workshop on Statistical Modelling},
  volume={14},
  number={2},
  pages={221-231},
  year={2002},
}
@book{Frauenthal1980Mathematical,
  title={Mathematical modeling in epidemiology},
  author={Frauenthal, James C},
  publisher={Springer-Verlag},
  year={1980},
}
@inproceedings{Wang:2003:MET:948187.948198,
 author = {Wang, Yang and Wang, Chenxi},
 title = {Modeling the Effects of Timing Parameters on Virus Propagation},
 booktitle = {Proceedings of the 2003 ACM Workshop on Rapid Malcode},
 series = {WORM '03},
 year = {2003},
 isbn = {1-58113-785-0},
 location = {Washington, DC, USA},
 pages = {61--66},
 numpages = {6},
 url = {http://doi.acm.org/10.1145/948187.948198},
 doi = {10.1145/948187.948198},
 acmid = {948198},
 publisher = {ACM},
 address = {New York, NY, USA},
 keywords = {anti-virus, computer virus, epidemiology, security},
}
@inproceedings{Zou:2002:CRW:586110.586130,
 author = {Zou, Cliff Changchun and Gong, Weibo and Towsley, Don},
 title = {Code Red Worm Propagation Modeling and Analysis},
 booktitle = {Proceedings of the 9th ACM Conference on Computer and Communications Security},
 series = {CCS '02},
 year = {2002},
 isbn = {1-58113-612-9},
 location = {Washington, DC, USA},
 pages = {138--147},
 numpages = {10},
 url = {http://doi.acm.org/10.1145/586110.586130},
 doi = {10.1145/586110.586130},
 acmid = {586130},
 publisher = {ACM},
 address = {New York, NY, USA},
 keywords = {epidemic model, internet worm modeling, two-factor worm model},
}
@phdthesis{zhouyin2007,
  title={基于P2P技术的网络蠕虫防御机制研究},
  author={周瑛},
  school={重庆大学},
  year={2007},
}
@inproceedings{Seeley1989A,
  title={A Tour of the Worm},
  author={Seeley, D},
  booktitle={Proceeding of the Winter 1989 USENIX Conference},
  pages={31--35},
  year={1989},
}
@Misc{Abrief,
howpublished = {\url{http://www.ouah.org/admworm.htm}},
title = {A brief analysis of the ADM Internet worm},
author = {Max Vision}
}
@Misc{Origin,
howpublished = {\url{http://www.ouah.org/mworm.htm}},
title = {Origin and brief analysis of the Millennium worm},
author = {Max  Vision}
}
@article{Zuo2002Analysis,
  title={Analysis on "Lion" Worm and Some Discussions about It},
  author={Zuo, Xiaodongdai Yingxia},
  journal={Computer Engineering},
  year={2002},
}
@inproceedings{Zou:2003:MEW:948109.948136,
 author = {Zou, Cliff Changchun and Gao, Lixin and Gong, Weibo and Towsley, Don},
 title = {Monitoring and Early Warning for Internet Worms},
 booktitle = {Proceedings of the 10th ACM Conference on Computer and Communications Security},
 series = {CCS '03},
 year = {2003},
 isbn = {1-58113-738-9},
 location = {Washington D.C., USA}Zou:2003:MEW:948109.948136Zou:2002:CRW:586110.586130Zou:2002:CRW:586110.586130,
 pages = {190--199},
 numpages = {10},
 url = {http://doi.acm.org/10.1145/948109.948136},
 doi = {10.1145/948109.948136},
 acmid = {948136},
 publisher = {ACM},
 address = {New York, NY, USA},
 keywords = {early detection, monitoring, worm propagation},
}
@article{Jin2004Detecting,
  title={Detecting Early Worm Propagation through Packet Matching},
  author={Jin, Fangyi and Chen, Xiaoping},
  journal={Technical Report},
  year={2004},
}
@inproceedings{Kim2004Autograph,
  title={Autograph: toward automated, distributed worm signature detection},
  author={Kim, Hyang Ah and Karp, Brad},
  booktitle={Usenix Security Symposium, August 9-13, 2004, San Diego, Ca, Usa},
  pages={271-286},
  year={2004},
}
@inproceedings{Singh2004Automated,
  title={Automated worm fingerprinting},
  author={Singh, Sumeet and Estan, Cristian and Varghese, George and Savage, Stefan},
  booktitle={Conference on Symposium on Opearting Systems Design \& Implementation},
  pages={4-4},
  year={2004},
}
@article{Alocious2014Intrusion,
  title={Intrusion Detection System using Bayesian Network Modeling},
  author={Alocious, Chaminda and Abouzakhar, Nasser and Xiao, Hannan and Christianson, B},
  year={2014},
}
@article{Zhou2013Efficient,
  title={Efficient Intrusion Detection Scheme based on SVM},
  author={Zhou, Guangping and Shrestha, Anup},
  journal={Journal of Networks},
  volume={8},
  number={9},
  year={2013},
}
@article{Shah2012Artificial,
  title={Artificial Neural Network based Intrusion Detection System: A Survey},
  author={Shah, Bhavin and H Trivedi, Bhushan},
  journal={International Journal of Computer Applications},
  volume={39},
  number={6},
  pages={13-18},
  year={2012},
}
@article{Hoang2009A,
  title={A program-based anomaly intrusion detection scheme using multiple detection engines and fuzzy inference},
  author={Hoang, Xuan Dau and Hu, Jiankun and Bertok, Peter},
  journal={Journal of Network \& Computer Applications},
  volume={32},
  number={6},
  pages={1219-1228},
  year={2009},
}
@article{Li2012The,
  title={The Application of Genetic Algorithm to Intrusion Detection in MP2P Network},
  author={Li, Lu and Zhang, Guoyin and Nie, Jinyuan and Niu, Yingjiao and Yao, Aihong},
  volume={7331},
  number={1},
  pages={390-397},
  year={2012},
}
@book{Jiang2013An,
  title={An incremental decision tree algorithm based on rough sets and its application in intrusion detection},
  author={Jiang, Feng and Sui, Yuefei and Cao, Cungen},
  publisher={Kluwer Academic Publishers},
  pages={517-530},
  year={2013},
}
@article{Cheng2015Packet,
  title={Packet Classification Using Dynamically Generated Decision Trees},
  author={Cheng, Yu Chieh and Wang, Pi Chung},
  journal={IEEE Transactions on Computers},
  volume={64},
  number={2},
  pages={582-586},
  year={2015},
}
@article{Tan2013A,
  title={A System for Denial-of-Service Attack Detection Based on Multivariate Correlation Analysis},
  author={Tan, Zhiyuan and Jamdagni, Aruna and He, Xiangjian and Nanda, Priyadarsi and Liu, Ren Ping},
  journal={IEEE Transactions on Parallel \& Distributed Systems},
  volume={25},
  number={2},
  pages={447-456},
  year={2013},
}
@phdthesis{liqingru2016,
  title={网络蠕虫的传播模型及其检测技术研究},
  author={李青茹},
  school={西安电子科技大学},
  year={2016},
}
@book{Zhang2015Mahalanobis,
  title={Mahalanobis distance similarity measure based distinguisher for template attack},
  author={Zhang, Hailong and Zhou, Yongbin and Feng, Dengguo},
  publisher={John Wiley \& Sons, Inc.},
  pages={769-777},
  year={2015},
}
@article{Tsai2010A,
  title={A triangle area based nearest neighbors approach to intrusion detection},
  author={Tsai, Chih Fong and Lin, Chia Ying},
  journal={Pattern Recognition},
  volume={43},
  number={1},
  pages={222-229},
  year={2010},
}
@article{Jin2007Network,
  title={Network intrusion detection in covariance feature space},
  author={Jin, Shuyuan and Yeung, Daniel So and Wang, Xizhao},
  journal={Pattern Recognition},
  volume={40},
  number={8},
  pages={2185-2197},
  year={2007},
}
@article{Derhab2015Multivariate,
  title={Multivariate correlation analysis and geometric linear similarity for real‐time intrusion detection systems},
  author={Derhab, Abdelouahid and Bouras, Abdelghani},
  journal={Security \& Communication Networks},
  volume={8},
  number={7},
  pages={1193-1212},
  year={2015},
}
@article{duanbing2016,
  title={网络蠕虫危害性的量化评估模型研究},
  author={段彬 and 韩伟红 and 李爱平},
  journal={信息网络安全},
  number={6},
  pages={41-47},
  year={2016},
}
@article{Com2003A,
  title={A Virtual Honeypot Framework},
  author={Com, Niels Provosnielsgoogle.},
  journal={Proceedings of Usenix Security Symposium},
  pages={1--14},
  year={2003},
}
@book{Kreibich2004Honeycomb,
  title={Honeycomb: creating intrusion detection signatures using honeypots},
  author={Kreibich, Christian and Crowcroft, Jon},
  publisher={ACM},
  pages={51-56},
  year={2004},
}
@book{Dagon2004HoneyStat,
  title={HoneyStat: Local Worm Detection Using Honeypots},
  author={Dagon, David and Qin, Xinzhou and Gu, Guofei and Lee, Wenke and Grizzard, Julian and Levine, John and Owen, Henry},
  publisher={Springer Berlin Heidelberg},
  pages={39-58},
  year={2004},
}
